[gd_scene load_steps=17 format=3 uid="uid://cmmxxp5vw450b"]

[ext_resource type="Texture2D" uid="uid://b1j5nxvmxhpdr" path="res://scripts/walk/1.png" id="1"]
[ext_resource type="Texture2D" uid="uid://b6ai3bqsco4k8" path="res://scripts/walk/2.png" id="2"]
[ext_resource type="Texture2D" uid="uid://bv0rwhvupq5bv" path="res://scripts/walk/3.png" id="3"]
[ext_resource type="Texture2D" uid="uid://c0fognleqg84s" path="res://scripts/walk/4.png" id="4"]
[ext_resource type="Texture2D" uid="uid://bk3ijd7s4pmys" path="res://scripts/walk/5.png" id="5"]
[ext_resource type="Texture2D" uid="uid://bdkh4pm1xopxq" path="res://scripts/walk/6.png" id="6"]
[ext_resource type="Texture2D" uid="uid://guottrqr8q12" path="res://scripts/walk/7.png" id="7"]
[ext_resource type="Texture2D" uid="uid://c0pywka80lowy" path="res://scripts/walk/8.png" id="8"]
[ext_resource type="Texture2D" uid="uid://c2eytl5v0qml8" path="res://scripts/walk/9.png" id="9"]
[ext_resource type="Texture2D" uid="uid://ckhxspg14wdds" path="res://scripts/walk/10.png" id="10"]
[ext_resource type="Script" path="res://scripts/ali.gd" id="11"]
[ext_resource type="Script" path="res://scripts/parallax.gd" id="12"]
[ext_resource type="Texture2D" uid="uid://b6lslrlsfn0i0" path="res://assets/background/layer-1-sky.png" id="13"]
[ext_resource type="Texture2D" uid="uid://b6scefb4w8ueu" path="res://assets/background/layer-2-mountain.png" id="14"]
[ext_resource type="Texture2D" uid="uid://cwieps0wvxhuk" path="res://assets/background/layer-3-ground.png" id="15"]

[sub_resource type="SpriteFrames" id="1"]
animations = [{
"frames": [{
"duration": 1.0,
"texture": ExtResource("1")
}],
"loop": true,
"name": &"idle",
"speed": 5.0
}, {
"frames": [{
"duration": 1.0,
"texture": ExtResource("1")
}, {
"duration": 1.0,
"texture": ExtResource("2")
}, {
"duration": 1.0,
"texture": ExtResource("3")
}, {
"duration": 1.0,
"texture": ExtResource("4")
}, {
"duration": 1.0,
"texture": ExtResource("5")
}, {
"duration": 1.0,
"texture": ExtResource("6")
}, {
"duration": 1.0,
"texture": ExtResource("7")
}, {
"duration": 1.0,
"texture": ExtResource("8")
}, {
"duration": 1.0,
"texture": ExtResource("9")
}, {
"duration": 1.0,
"texture": ExtResource("10")
}],
"loop": true,
"name": &"walk",
"speed": 10.0
}]

[node name="Node" type="Node"]

[node name="ali" type="AnimatedSprite2D" parent="."]
position = Vector2(208, 446)
sprite_frames = SubResource("1")
animation = &"idle"
script = ExtResource("11")

[node name="ParallaxBackground" type="ParallaxBackground" parent="."]
layer = -1
offset = Vector2(600, 300)
scale = Vector2(0.45, 0.45)
transform = Transform2D(0.45, 0, 0, 0.45, 600, 300)
script = ExtResource("12")

[node name="skyLayer" type="ParallaxLayer" parent="ParallaxBackground"]

[node name="sky" type="Sprite2D" parent="ParallaxBackground/skyLayer"]
texture = ExtResource("13")

[node name="mountainsLayer" type="ParallaxLayer" parent="ParallaxBackground"]

[node name="mountains" type="Sprite2D" parent="ParallaxBackground/mountainsLayer"]
texture = ExtResource("14")

[node name="groundLayer" type="ParallaxLayer" parent="ParallaxBackground"]

[node name="ground" type="Sprite2D" parent="ParallaxBackground/groundLayer"]
texture = ExtResource("15")
region_rect = Rect2(0, 0, 10000, 0)
